<record><leader>00000cas a22000007a 4500</leader><controlfield tag="001">23117857</controlfield><controlfield tag="008">910219d19221932couwr ne      0    0eng d</controlfield><datafield ind1=" " ind2=" " tag="010"><subfield code="a">sn 91052120 </subfield></datafield><datafield ind1=" " ind2=" " tag="040"><subfield code="a">CNQ</subfield><subfield code="b">eng</subfield><subfield code="c">CNQ</subfield><subfield code="d">OCLCQ</subfield></datafield><datafield ind1=" " ind2=" " tag="042"><subfield code="a">msc</subfield></datafield><datafield ind1="0" ind2="0" tag="245"><subfield code="a">Middle Park times and Kremmling news.</subfield></datafield><datafield ind1="1" ind2="3" tag="246"><subfield code="a">Middle Park times and Kremmling news and Kremmling register</subfield></datafield><datafield ind1="1" ind2="7" tag="246"><subfield code="a">Middle Park times</subfield></datafield><datafield ind1=" " ind2=" " tag="260"><subfield code="a">Hot Sulfer [Sulphur] Springs, Grand County, Colo. :</subfield><subfield code="b">Lew Wallace</subfield></datafield><datafield ind1=" " ind2=" " tag="300"><subfield code="a">v.</subfield></datafield><datafield ind1=" " ind2=" " tag="310"><subfield code="a">Weekly</subfield></datafield><datafield ind1="0" ind2=" " tag="362"><subfield code="a">Vol. 42, no. 16 (Nov. 17, 1922)-v. 51 (Jan. 7, 1932).</subfield></datafield><datafield ind1=" " ind2=" " tag="580"><subfield code="a">Published with: Kremmling register, &lt;1926-1927&gt;, and: Continuing the Kremmling register, &lt;1929-1931&gt;.</subfield></datafield><datafield ind1=" " ind2=" " tag="752"><subfield code="a">United States</subfield><subfield code="b">Colorado</subfield><subfield code="c">Grand</subfield><subfield code="d">Hot Sulphur Springs.</subfield></datafield><datafield ind1="1" ind2=" " tag="777"><subfield code="t">Kremmling register</subfield><subfield code="w">(DLC)sn 91052111</subfield></datafield><datafield ind1="1" ind2=" " tag="777"><subfield code="t">Continuing the Kremmling register</subfield><subfield code="w">(DLC)sn 91052499</subfield></datafield><datafield ind1="0" ind2="5" tag="780"><subfield code="t">Continuing the Kremmling register</subfield><subfield code="w">(DLC)sn 91052499</subfield></datafield><datafield ind1="0" ind2="4" tag="780"><subfield code="t">Middle Park times (Hot Sulphur Springs, Colo. : 1889)</subfield><subfield code="w">(DLC)sn 91052115</subfield></datafield><datafield ind1="0" ind2="4" tag="780"><subfield code="t">Kremmling news</subfield><subfield code="w">(DLC)sn 91052112</subfield></datafield><datafield ind1="0" ind2="0" tag="785"><subfield code="t">Middle Park times and the Kremmling register</subfield><subfield code="w">(DLC)sn 91052500</subfield></datafield></record>